@article{alvarez1980extraterrestrial,
  title={Extraterrestrial cause for the Cretaceous-Tertiary extinction},
  author={Alvarez, L.W. and Alvarez, W. and Asaro, F. and Michel, H.V.},
  journal={Science},
  volume={208},
  number={4448},
  pages={1095--1108},
  year={1980}
}

@incollection{baker2016simplicity,
  title={Simplicity},
  author={Baker, A.},
  booktitle={The Stanford Encyclopedia of Philosophy},
  editor={Zalta, E.N.},
  year={2016},
  note={Winter 2016 edition}
}

@article{bokulich2018using,
  title={Using models to correct data: Paleodiversity and the fossil record},
  author={Bokulich, A.},
  journal={Synthese},
  volume={195},
  number={9},
  pages={3727--3745},
  year={2018}
}

@article{cleland2002methodological,
  title={Methodological and epistemic differences between historical science and experimental science},
  author={Cleland, C.E.},
  journal={Philosophy of Science},
  volume={69},
  number={3},
  pages={447--451},
  year={2002}
}

@book{douglas2009science,
  title={Science, policy, and the value-free ideal},
  author={Douglas, H.},
  publisher={University of Pittsburgh Press},
  year={2009}
}

@book{gould1987time,
  title={Time's Arrow, Time's Cycle: Myth and Metaphor in the Discovery of Geological Time},
  author={Gould, S.J.},
  publisher={Harvard University Press},
  year={1987}
}

@book{kuhn1962structure,
  title={The Structure of Scientific Revolutions},
  author={Kuhn, T.S.},
  publisher={University of Chicago Press},
  year={1962}
}

@book{lipton2004inference,
  title={Inference to the Best Explanation},
  author={Lipton, P.},
  edition={2},
  publisher={Routledge},
  year={2004}
}

@book{lyell1830principles,
  title={Principles of Geology},
  author={Lyell, C.},
  publisher={John Murray},
  year={1830},
  volume={1-3}
}

@book{mitchell2009unsimple,
  title={Unsimple Truths: Science, Complexity, and Policy},
  author={Mitchell, S.D.},
  publisher={University of Chicago Press},
  year={2009}
}

@article{norton2003material,
  title={A Material Theory of Induction},
  author={Norton, J.D.},
  journal={Philosophy of Science},
  volume={70},
  number={4},
  pages={647--670},
  year={2003}
}

@article{quine1951two,
  title={Two Dogmas of Empiricism},
  author={Quine, W.V.O.},
  journal={The Philosophical Review},
  volume={60},
  number={1},
  pages={20--43},
  year={1951}
}

@book{rudwick2005bursting,
  title={Bursting the Limits of Time: The Reconstruction of Geohistory in the Age of Revolution},
  author={Rudwick, M.J.S.},
  publisher={University of Chicago Press},
  year={2005}
}

@article{schulte2010chicxulub,
  title={The Chicxulub Asteroid Impact and Mass Extinction at the Cretaceous-Paleogene Boundary},
  author={Schulte, P. and others},
  journal={Science},
  volume={327},
  number={5970},
  pages={1214--1218},
  year={2010}
}

@incollection{sober2001what,
  title={What is the Problem of Simplicity?},
  author={Sober, E.},
  booktitle={Simplicity, Inference and Modelling},
  editor={Zellner, A. and others},
  pages={13--31},
  publisher={Cambridge University Press},
  year={2001}
}

@book{sober2015ockhams,
  title={Ockham's Razors: A User's Manual},
  author={Sober, E.},
  publisher={Cambridge University Press},
  year={2015}
}

@article{steel2010epistemic,
  title={Epistemic Values and the Argument from Inductive Risk},
  author={Steel, D.},
  journal={Philosophy of Science},
  volume={77},
  number={1},
  pages={14--34},
  year={2010}
}

@book{turner2007making,
  title={Making Prehistory: Historical Science and the Scientific Realism Debate},
  author={Turner, D.},
  publisher={Cambridge University Press},
  year={2007}
}

@book{vanfraassen1980scientific,
  title={The Scientific Image},
  author={van Fraassen, B.C.},
  publisher={Oxford University Press},
  year={1980}
}

@book{woodward2003making,
  title={Making Things Happen: A Theory of Causal Explanation},
  author={Woodward, J.},
  publisher={Oxford University Press},
  year={2003}
}

@article{dresow2023uniformitarianism,
  title={Uniformitarianism Re-Examined, or the Present is the Key to the Past, Except When It Isnâ€™t (And Even Then It Kind of Is)},
  author={Dresow, M.},
  journal={Perspectives on Science},
  volume={31},
  number={4},
  pages={405--436},
  year={2023},
  doi={10.1162/posc_a_00573}
}

@article{page2021role,
  title={The Role of Historical Science in Methodological Actualism},
  author={Page, M.D.},
  journal={Philosophy of Science},
  volume={88},
  number={3},
  pages={461--482},
  year={2021},
  doi={10.1086/712833}
}